@report{inria,
author = {Herv\'e J\'egou and Matthijs Douze and Cordelia Schmid},
title = {Exploiting descriptor distances for precise image search},
type = {Research Report},
howpublished = {INRIA, inria-00602325v2},
year = {2011},
OPTnumber = {}
}

@report{philbin,
author = {James Philbin and Ondrej Chum and Michael Isard and Josef Sivic and Andrew Zisserman},
title = {Object retrieval with large vocabularies and fast spatial matching},
type = {Research Report},
howpublished = {Department of Engineering Science, University of Oxford,Microsoft Research, Silicon Valley},
year = {2007}
}

@report{lowe,
author = {David G. Lowe},
title = {Distinctive image features from scale-invariant keypoints},
howpublished = {International Journal of Computer Vision},
year = {2004},
OPTseries = {2},
OPTvolume = {60},
OPTpages = {91-110}
}

@InProceedings{phow,
author = {Anna Bosch and Andrew Zisserman and Xavier Munoz},
title = {Image Classification using Random Forests and Ferns},
booktitle = {IEEE International Conference on Computer Vision 2007}
}

@InProceedings{surf,
author = {Herbert Bay and Tinne Tuytelaars and Luc Van Gool},
title = {SURF: Speeded Up Robust Features},
booktitle = {Ninth European Conference on Computer Vision 2006}
}

@InProceedings{orb,
author = {Ethan Rublee and Vincent Rabaud and Kurt Konolige and Gary Bradski},
title = {ORB: an efficient alternative to SIFT or SURF},
booktitle = {International Conference on Computer Vision 2011}
}

@InProceedings{fast1,
author = {Edward Rosten and Tom Drummond},
title = {Machine learning for high speed corner detection},
booktitle = {9th European Conference on Computer Vision 2006}
}

@InProceedings{fast2,
author = {Edward Rosten and Reid Porter, and Tom Drummond},
title = {Faster and better: a machine learning approach to corner detection},
booktitle = {IEEE Trans. Pattern Analysis and Machine Intelligence 2010}
}

@report{psnrhsv,
author = {K. Egiazarian and J. Astola and N. Ponomarenko and V. Lukin and F. Battisti and M. Carli},
title = {A new full-refference quality metrics based on HVS},
type = {Research Report},
howpublished = {Tampere University of Technology, Tampere, Finland 
National Aerospace University, Kharkov, Ukraine 
University of Rome "Roma TRE", Rome, Italy},
year = {2006}
}
